<record><leader>00000cas a22000007a 4500</leader><controlfield tag="001">36980453</controlfield><controlfield tag="008">970529d19121913okuwr n       0    0eng d</controlfield><datafield ind1=" " ind2=" " tag="010"><subfield code="a">sn 97064896 </subfield></datafield><datafield ind1=" " ind2=" " tag="040"><subfield code="a">OBN</subfield><subfield code="b">eng</subfield><subfield code="c">OBN</subfield><subfield code="d">OCLCQ</subfield><subfield code="d">OCLCF</subfield><subfield code="d">OCLCO</subfield></datafield><datafield ind1="1" ind2=" " tag="029"><subfield code="a">AU@</subfield><subfield code="b">000013283129</subfield></datafield><datafield ind1=" " ind2=" " tag="042"><subfield code="a">msc</subfield></datafield><datafield ind1=" " ind2=" " tag="043"><subfield code="a">n-us-ok</subfield></datafield><datafield ind1="0" ind2=" " tag="130"><subfield code="a">Dewey globe (Dewey, Okla. : 1912)</subfield></datafield><datafield ind1="1" ind2="4" tag="245"><subfield code="a">The Dewey globe.</subfield></datafield><datafield ind1="3" ind2=" " tag="246"><subfield code="a">Dewey weekly globe</subfield></datafield><datafield ind1=" " ind2=" " tag="260"><subfield code="a">Dewey, Washington County, Okla. :</subfield><subfield code="b">[s.n.]</subfield></datafield><datafield ind1=" " ind2=" " tag="300"><subfield code="a">v.</subfield></datafield><datafield ind1=" " ind2=" " tag="310"><subfield code="a">Weekly</subfield></datafield><datafield ind1="1" ind2=" " tag="362"><subfield code="a">Began in 1912; ceased in 1913.</subfield></datafield><datafield ind1=" " ind2=" " tag="588"><subfield code="a">Description based on: Vol. 1, no. 44 (Oct. 11, 1912).</subfield></datafield><datafield ind1=" " ind2="0" tag="651"><subfield code="a">Dewey (Okla.)</subfield><subfield code="v">Newspapers.</subfield></datafield><datafield ind1=" " ind2="0" tag="651"><subfield code="a">Washington County (Okla.)</subfield><subfield code="v">Newspapers.</subfield></datafield><datafield ind1=" " ind2="7" tag="655"><subfield code="a">Newspapers.</subfield><subfield code="2">fast</subfield><subfield code="0">(OCoLC)fst01423814</subfield></datafield><datafield ind1=" " ind2="7" tag="651"><subfield code="a">Oklahoma</subfield><subfield code="z">Dewey.</subfield><subfield code="2">fast</subfield><subfield code="0">(OCoLC)fst01221556</subfield></datafield><datafield ind1=" " ind2="7" tag="651"><subfield code="a">Oklahoma</subfield><subfield code="z">Washington County.</subfield><subfield code="2">fast</subfield><subfield code="0">(OCoLC)fst01223288</subfield></datafield><datafield ind1=" " ind2=" " tag="752"><subfield code="a">United States</subfield><subfield code="b">Oklahoma</subfield><subfield code="c">Washington</subfield><subfield code="d">Dewey.</subfield></datafield><datafield ind1="0" ind2="0" tag="780"><subfield code="t">Dewey weekly globe</subfield><subfield code="w">(DLC)sn 97064895</subfield><subfield code="w">(OCoLC)36980405</subfield></datafield><datafield ind1="0" ind2="0" tag="785"><subfield code="t">Globe (Dewey, Okla.)</subfield><subfield code="w">(DLC)sn 86063928</subfield><subfield code="w">(OCoLC)13645667</subfield></datafield></record>